@article{Bates_etal_2015,
    author = {Bates, D., Mächler, M., Bolker, B., and Walker, S.},
    year = {2015},
    title = {Fitting linear mixed-effects models using lme4},
    journal = {Journal of Statistical Software},
    volume = {67},
    number = {1},
    pages = {1--48},
    doi = {10.18637/jss.v067.i01}
}

@article{Bilson_etal_2015,
    author = {Bilson, Samuel and Yoshida, Hanako and Tran, Crystal D. and Woods, Elizabeth A. and Hills, Thomas T.},
    year = {2015},
    title = {Semantic facilitation in bilingual first language acquisition},
    journal = {Cognition},
    volume = {140},
    pages = {122--134},
    doi = {10.1016/j.cognition.2015.03.013}
}

@article{Blom_etal_2019,
    author = {Blom, E., Boerma, T., Bosma, E., Cornips, L., van den Heuij, K., and Timmermeister, M.},
    year = {2019},
    title = {Cross-language distance influences receptive vocabulary outcomes of bilingual children},
    journal = {First Language},
    volume = {40},
    number = {2},
    pages = {151--171},
    doi = {10.1177/0142723719892794}
}

@article{Bosch_Ramon-Casas_2014,
    author = {Bosch, Laura and Ramon-Casas, Marta},
    year = {2014},
    title = {First translation equivalents in bilingual toddlers’ expressive vocabulary: Does form similarity matter?},
    journal = {International Journal of Behavioral Development},
    volume = {38},
    number = {4},
    pages = {317--322},
    doi = {10.1177/0165025414532559}
}

@article{Bosch_Sebastian-Galles_2001,
    author = {Bosch, Laura and Sebastián-Gallés, Nuria},
    year = {2001},
    title = {Evidence of early language discrimination abilities in infants From bilingual environments},
    journal = {Infancy},
    volume = {21},
    number = {1},
    pages = {29--49},
    doi = {10.1207/S15327078IN0201_3}
}

@article{Bosma_etal_2019,
  author = {Bosma, E. and Blom, E. and Hoekstra, E. and Versloot, A.},
  year = {2019},
  title = {A longitudinal study on the gradual cognate facilitation effect in bilingual children’s {F}risian receptive vocabulary},
  journal = {International Journal of Bilingual Education and Bilingualism},
  volume = {22},
  number = {4},
  pages = {371--385},
  doi = {doi.org/10.1080/13670050.2016.1254152}
}

@article{Byers-Heinlein_etal_2020,
  	author = {Byers-Heinlein, Krista and Schott, Esther and Gonzalez-Barrero, Ana Maria and Brouillard, Melanie and Dubé, Daphnée and Jardak, Amel and
        Laoun-Rubenstein, Alexandra and Mastroberardino, Meghan and Morin-Lessard, Elizabeth and Iliaei, Sadaf Pour and Salama-Siroishka, Nicholas and Tamayo, Maria Paula},
    year = {2020},
  	title = {MAPLE: A Multilingual Approach to Parent Language Estimates},
    journal = {Bilingualism: Language and Cognition},
  	volume = {23},
  	number = {5},
  	pages = {951--957},
    doi = {10.1017/S1366728919000282}
}

@article{Caselli_etal_1995,
  	author = {Caselli, M. C., Bates, E., Casadio, P., Fenson, J., Fenson, L., Sanderl, L., and Weir, J.},
    year = {1995},
  	title = {A cross-linguistic study of early lexical development},
    journal = {Cognitive Development},
  	volume = {10},
  	number = {2},
  	pages = {159--199},
    doi = {10.1016/0885-2014(95)90008-x}
}

@article{Choi_2019,
    author = {Choi, H.},
    year = {2019},
    title = {Strategy training for {E}nglish-{F}rench cognate awareness: Contributions to {K}orean learners’ L3 {F}rench competency},
    journal = {Electronic Journal of Foreign Language Teaching},
  	volume = {16},
  	number = {1},
  	pages = {68--79},
    url = {https://e-flt.nus.edu.sg/wp-content/uploads/2020/09/choi.pdf}
}

@article{Cnaan_etal_1997,
    author = {Cnaan, A. and Laird, N. M. and Slasor, P.},
    year = {1997},
    title = {Using the general linear mixed model to analyse unbalanced repeated measures and longitudinal data},
    journal = {Statistics in Medicine},
    volume = {16},
    number = {20},
    pages = {2349--2380},
    doi = {10.1002/(SICI)1097-0258(19971030)16:20<2349::AID-SIM667>3.0.CO;2-E}
}

@article{Cody_Aslin_2003,
    author = {Coady, J. A., and Aslin, R. N.},
    year = {2003},
    title = {Phonological neighbourhoods in the developing lexicon},
    journal = {Journal of Child Language},
  	volume = {30},
    number = {2},
    pages = {441--469},
    doi = {10.1017/S0305000903005579}
}

@article{Costa_etal_2000,
    author = {Costa, A., Caramazza, A., and Sebastian-Galles, N.},
    year = {2000},
    title = {The cognate facilitation effect: Implications for models of lexical access},
    journal = {Journal of Experimental Psychology: Learning, Memory, and Cognition},
  	volume = {26},
    number = {5},
    pages = {1283--1296},
    doi = {10.1037/0278-7393.26.5.1283}
}

@article{DeAnda_Friend_2020,
    author = {DeAnda, S. and Friend, M.},
    year = {2020},
    title = {Lexical-Semantic Development in Bilingual Toddlers at 18 and 24 Months},
    journal = {Frontiers in Psychology},
    volume = {11},
    pages = {3500},
    doi = {10.3389/fpsyg.2020.508363}
}

@article{DeAnda_etal_2016,
    author = {DeAnda, S. and Poulin-Dubois, D. and Zesiger, P. and Friend, M.},
    year = {2016},
    title = {Lexical processing and organization in bilingual first language acquisition: Guiding future research. },
    journal = {Psychological Bulletin},
    volume = {142},
    number = {6},
    pages = {655--667},
    doi = {10.1037/bul0000042}
}

@article{DeHouwer_etal_2006,
    author = {De Houwer, Annick and Bornstein, Marc H. and De Coster, Sandrine},
    year = {2006},
    title = {Early understanding of two words for the same thing: A {CDI} study of lexical comprehension in infant bilinguals},
    journal = {International Journal of Bilingualism},
    volume = {10},
    number = {3},
    pages = {331--347},
    doi = {10.1177/13670069060100030401}
}

@article{Demke_etal_2002,
    author = {Demke, T. L., Graham, S. A., and Siakaluk, P. D.},
    year = {2002},
    title = {The influence of exposure to phonological neighbours on preschoolers' novel word production},
    journal = {Journal of Child Language},
    volume = {29},
    number = {2},
    pages = {379--392},
    doi = {10.1017/S0305000902005081}
}

@book{Fenson_etal_2007,
  author = {Fenson, Larry and Marchman, Virginia A. and Thal, Donna J. and Dale, Philip S. and Reznick, J. Steven and Bates, Elizabeth},
    year = {2007},
  title = {MacArthur-{B}ates {C}ommunicative {D}evelopment {I}nventories ({CDIs})},
  edition = {2},
  publisher = {Brookes Publishing},
  address = {Baltimore, MD}
}

@article{Floccia_etal_2020,
    author = {Floccia, Caroline and Luche, Claire Delle and Lepadatu, Irina and Chow, Janette and Ratnage, Paul and Plunkett, Kim},
    year = {2020},
    title = {Translation equivalent and cross-language semantic priming in bilingual toddlers},
    journal = {Journal of Memory and Language},
    volume = {112},
    pages = {104086},
    doi = {10.1016/j.jml.2019.104086}
}

@article{Fourtassi_etal_2020,
    author = {Fourtassi, A. and Bian, Y. and Frank, M. C.},
    year = {2020},
    title = {The growth of children's semantic and phonological networks: Insight from 10 languages},
    journal = {Cognitive Science},
    volume = {44},
    number = {7},
    pages = {e12847},
    doi = {10.1111/cogs.12847}
}

@article{Frank_etal_2017,
    author = {Frank, Michael C. and Braginsky, Mika and Yurovsky, Daniel and Marchman, Virginia A.},
    year = {2017},
    title = {Wordbank: An open repository for developmental vocabulary data},
    journal = {Journal of Child Language},
    volume = {44},
    number = {3},
    pages = {677--694},
    doi = {10.1017/S0305000916000209}
}

@article{Gampe_etal_2021,
    author = {Gampe, A., Quick, A. E., and Daum, M. M.},
    year = {2021},
    title = {Does linguistic similarity affect early simultaneous bilingual language acquisition?},
    journal = {Journal of Language Contact},
    volume = {13},
    number = {3},
    pages = {482--500},
    doi = {10.1163/19552629-13030001}
}

@unpublished{Gonzalez-Barrero_2020,
	type = {Preprint},
	title = {Bilingual adjusted vocabulary: A developmentally-informed bilingual vocabulary measure},
	author = {Gonzalez-Barrero, Ana Maria and Schott, Esther and Byers-Heinlein, Krista},
	year = {2020},
	doi = {10.31234/osf.io/x7s4u}
}

@article{Hanson_Klopfer_2006,
	author = {Hansen, B. B., and Klopfer, S.O.},
	year = {2006},
	title = {Optimal full matching and related designs via network flows},
    journal = {Journal of Computational and Graphical Statistics},
	volume = {15},
	number = {3},
	pages = {609--627},
    doi = {10.1198/106186006X137047}
}

@Manual{Hartig_2022,
	author = {Hartig, F.},
	year = {2022},
	title = {DHARMa: Residual Diagnostics for Hierarchical (Multi-Level/Mixed) Regression Models},
  organization = {R package version 0.4.5.},
  url = {https://CRAN.R-project.org/package=DHARMa}
}

@article{Havy_etal_2016,
	author = {Havy, M., Bouchon, C., and Nazzi, T.},
	year = {2016},
	title = {Phonetic processing when learning words: The case of bilingual infants},
  journal = {International Journal of Behavioral Development},
	volume = {40},
	number = {1},
	pages = {41--52},
    doi = {10.1177/0165025415570646}
}

@article{Hoff_Ribot_2017,
	author = {Hoff, E., and Ribot, K. M.},
	year = {2017},
	title = {Language growth in {E}nglish monolingual and {S}panish-{E}nglish bilingual children from 2.5 to 5 years},
  journal = {The Journal of Pediatrics},
	volume = {190},
	pages = {241-245},
  doi = {10.1016/j.jpeds.2017.06.071}
}

@article{Jardak_Byers-Heinlein_2019,
    author = {Jardak, Amel and Byers-Heinlein, Krista},
    year = {2019},
    title = {Labels or concepts? The development of semantic networks in bilingual two-year-olds},
    journal = {Child Development},
    volume = {90},
    number = {2},
    pages = {e212--e229},
    doi = {10.1111/cdev.13050}
}

@article{Jones_Brandt_2019,
    author = {Jones, S., and Brandt, S.},
    year = {2019},
    title = {Do children really acquire dense neighbourhoods?},
    journal = {Journal of Child Language},
    volume = {46},
    number = {6},
    pages = {1260--1273},
    doi = {10.1017/S0305000919000473}
}

@article{Kelley_Kohnert_2012,
    author = {Kelley, A., and Kohnert, K.},
    year = {2012},
    title = {Is there a cognate advantage for typically developing {S}panish-speaking {E}nglish-language learners?},
    journal = {Language, Speech, and Hearing Services in Schools},
    volume = {43},
    number = {2},
    pages = {191--204},
    doi = {10.1044/0161-1461(2011/10-0022)}
}

@article{Kuznetsova_etal_2017,
    author = {Kuznetsova A., Brockhoff, P. B., and Christensen, R. H. B.},
    year = {2017},
    title = {lmerTest Package: Tests in linear mixed effects models},
    journal = {Journal of Statistical Software},
    volume = {82},
    number = {13},
    pages = {1--26},
    doi = {10.18637/jss.v082.i13}
}

@article{Legacy_etal_2017,
	author = {Legacy, Jacqueline and Reider, Jessica and Crivello, Cristina and Kuzyk, Olivia and Friend, Margaret and Zesiger, Pascal and Poulin-Dubois, Diane},
	year = {2017},
	title = {Dog or chien? Translation equivalents in the receptive and expressive vocabularies of young {F}rench–{E}nglish bilinguals},
    journal = {Journal of Child Language},
	volume = {44},
	number = {4},
	pages = {881--904},
    doi = {10.1017/S0305000916000295}
}

@article{Luce_Pisoni_1998,
    author = {Luce, P. A., and Pisoni, D. B.},
    year = {1998},
    title = {Recognizing spoken words: The neighborhood activation model},
    journal = {Ear and Hearing},
    volume = {19},
    pages = {1},
    doi = {10.1097/00003446-199802000-00001}
}

@article{Marchman_etal_2010,
    author = {Marchman, Virginia A. and Fernald, Anne and Hurtado, Nereyda},
    year = {2010},
    title = {How vocabulary size in two languages relates to efficiency in spoken word recognition by young {S}panish-{E}nglish bilinguals},
    journal = {Journal of Child Language},
    volume = {37},
    number = {4},
    pages = {817--840},
    doi = {10.1017/S0305000909990055}
}

@article{Morin-Lessard_Byers-Heinlein_2019,
    author = {Morin-Lessard, E., and Byers-Heinlein, K.},
    year = {2019},
    title = {Uh and euh signal novelty for monolinguals and bilinguals: Evidence from children and adults},
    journal = {Journal of Child Language},
    volume = {46},
    number = {3},
    pages = {522--545},
    doi = {10.1017/s0305000918000612}
}

@article{Pearson_etal_1995,
    author = {Pearson, Barbara Zurer and Fernández, Sylvia C. and and Oller, D. Kimbrough},
    year = {1995},
    title = {Cross-language synonyms in the lexicons of bilingual infants: One language or two?},
    journal = {Journal of child language},
    volume = {22},
    number = {2},
    pages = {345--368},
    doi = {10.1017/s030500090000982x}
}

@article{Place_Hoff_2011,
    author = {Place, Silvia and Hoff, Erika},
    year = {2011},
    title = {Properties of dual language exposure that influence 2-year-olds’ bilingual proficiency},
    journal = {Child Development},
    volume = {82},
    number = {6},
    pages = {1834--1849},
    doi = {10.1111/j.1467-8624.2011.01660.x}
}

@incollection{Ramon-Casas_Bosch_2010,
    author = {Ramon-Casas, M., and Bosch, L.},
    year = {2010},
    title = {Are non-cognate words phonologically better specified than cognates in the early lexicon of bilingual children?},
	  pages = {31--36},
	  booktitle = {Proceedings of the 4th Conference on Laboratory Approaches to Spanish Phonology},
	  publisher = {Cascadilla},
    address = {Sommerville, MA}
}

@article{Ramon-Casas_etal_2009,
    author = {Ramon-Casas, M., Swingley, D., Sebastián-Gallés, N., and Bosch, L.},
    year = {2009},
    title = {Vowel categorization during word recognition in bilingual toddlers},
    journal = {Cognitive Psychology},
    volume = {59},
    number = {1},
    pages = {96--121},
    doi = {10.1016/j.cogpsych.2009.02.002}
}

@article{Rocha_Barr_2022,
    author = {Rocha-Hidalgo, J. and Barr, R.},
    year = {2022},
    title = {Defining bilingualism in infancy and toddlerhood: A scoping review},
    journal = {International Journal of Bilingualism},
    volume = {0},
    number = {0},
    doi = {10.1177/13670069211069067}
}

@Manual{R_2019,
    title = {R: A Language and Environment for Statistical Computing},
    author = {{R Core Team}},
    organization = {R Foundation for Statistical Computing},
    address = {Vienna, Austria},
    year = {2019},
    url = {https://www.R-project.org/},
  }

@article{Schepens_etal_2013,
    author = {Schepens, Job and Dijkstra, Ton and Grootjen, Franc and van Heuven, Walter J. B.},
    year = {2013},
    title = {Cross-language distributions of high frequency and phonetically similar cognates},
    journal = {PLOS ONE},
    volume = {8},
    number = {5},
    pages = {e63006},
    doi = {10.1371/journal.pone.0063006}
}

@article{Schelletter_2002,
    author = {Schelletter, C.},
    year = {2002},
    title = {The effect of form similarity on bilingual children's lexical development},
    journal = {Bilingualism: Language and Cognition},
    volume = {5},
    number = {2},
    pages = {93--107},
    doi = {10.1017/S1366728902000214}
}

@unpublished{Schott_etal_2022,
	type = {Preprint},
    author = {Schott, E. and Moore, C. and Byers-Heinlein, K.},
    year = {2022},
    title = {Banana and banane: Cross-language phonological overlap supports bilingual toddlers’ word representations},
    doi = {10.31219/osf.io/hgdvq}
}

@article{Sebastián-Gallés_Bosch_2009,
    author = {Sebastián-Gallés, N., and Bosch, L.},
    year = {2009},
    title = {Developmental shift in the discrimination of vowel contrasts in bilingual infants: is the distributional account all there is to it? },
    journal = {Developmental Science},
    volume = {12},
    number = {6},
    pages = {874--887},
    doi = {10.1111/j.1467-7687.2009.00829.x}
}

@article{Sheng_etal_2016,
    author = {Sheng, L., Lam, B. P. W., Cruz, D., and Fulton, A.},
    year = {2016},
    title = {A robust demonstration of the cognate facilitation effect in first-language and second-language naming},
    journal = {Journal of Experimental Child Psychology},
    volume = {141},
    pages = {229--238},
    doi = {10.1016/j.jecp.2015.09.007}
}

@article{Singh_2014,
    author = {Singh, Leher},
    year = {2014},
    title = {One world, two languages: Cross-language semantic priming in bilingual toddlers},
    journal = {Child Development},
    volume = {85},
    number = {2},
    pages = {755--766},
    doi = {10.1111/cdev.12133}
}

@article{Storkel_2009,
    author = {Storkel, H. L.},
    year = {2009},
    title = {Developmental differences in the effects of phonological, lexical and semantic variables on word learning by infants},
    journal = {Journal of Child Language},
    volume = {36},
    number = {2},
    pages = {291--321},
    doi = {10.1017/S030500090800891X}
}

@article{Trudeau_etal_1999,
    author = {Trudeau, Natacha and Frank, Ilana and Poulin-Dubois, Diane},
    year = {1999},
    title = {Une adaptation en français québecois du MacArthur {C}ommunicative {D}evelopment {I}nventory [A {Q}uebec {F}rench adaptation of the MacArthur {C}ommunicative {D}evelopment {I}nventory]},
    journal = {Revue d’orthophonie et d’audiologie},
    volume = {23},
    pages = {31--73}
}

@article{Tsui_etal_2022,
	title = {Are translation equivalents special? Evidence from simulations and empirical data from bilingual infants},
	author = {Tsui, Rachel Ka-Ying and Gonzalez-Barrero, Ana Maria and Schott, Esther and Byers-Heinlein, Krista},
	year = {2022},
    journal = {Cognition},
    volume = {225},
    pages = {105084},
    doi = {10.1016/j.cognition.2022.105084}
}

@article{Volterra_Taeschner_1978,
    author = {Volterra, Virginia and Taeschner, Traute},
    year = {1978},
    title = {The acquisition and development of language by bilingual children},
    journal = {Journal of Child Language},
    volume = {5},
    pages = {311--326},
    doi = {10.1017/S0305000900007492}
}

@article{VonHolzen_Mani_2012,
    author = {Von Holzen, K., and Mani, N.},
    year = {2012},
    title = {Language nonselective lexical access in bilingual toddlers},
    journal = {Journal of Experimental Child Psychology},
    volume = {113},
    number = {4},
    pages = {569--586},
    doi = {10.1016/j.jecp.2012.08.001}
}

@article{White_etal_2017,
    author = {White, A., Malt, B. C., and Storms, G.},
    year = {2017},
    title = {Convergence in the bilingual lexicon: A pre-registered replication of previous studies},
    journal = {Frontiers in Psychology},
    volume = {7},
    pages = {2081},
    doi = {10.3389/fpsyg.2016.02081}
}
